
@online{noauthor_circuit_nodate,
	title = {Circuit Simulator Applet},
	url = {https://www.falstad.com/circuit/index.html},
	urldate = {2021-03-02},
	file = {Circuit Simulator Applet:/Users/desneruda/Zotero/storage/K32Z5DGS/index.html:text/html}
}

@online{noauthor_dashboard_nodate,
	title = {Dashboard},
	url = {/dashboard},
	abstract = {Circuit design Brave Lappi-Bruticus created by Tlalocman with Tinkercad},
	titleaddon = {Tinkercad},
	urldate = {2021-03-02},
	file = {Snapshot:/Users/desneruda/Zotero/storage/S65MYZSV/dashboard.html:text/html}
}

@online{noauthor_multisim_nodate,
	title = {Multisim Live Online Circuit Simulator},
	url = {https://www.multisim.com/},
	abstract = {Multisim Live is a free, online circuit simulator that includes {SPICE} software, which lets you create, learn and share circuits and electronics online.},
	titleaddon = {{NI} Multisim Live},
	urldate = {2021-03-02},
	langid = {english},
	file = {Snapshot:/Users/desneruda/Zotero/storage/II9EHH7N/www.multisim.com.html:text/html}
}